@website{craap,
title = {Evaluating Sources: The CRAAP Test},
author = {Sarah Kurpiel},
publisher = {Benedictine},
year = 2021,
}

@article{Colesbrennan2019,
  doi = {10.1111/cxo.12798},
  url = {https://doi.org/10.1111/cxo.12798},
  year = {2019},
  month = jan,
  publisher = {Informa {UK} Limited},
  volume = {102},
  number = {1},
  pages = {18--29},
  author = {Chantal Coles-brennan and Anna Sulley and Graeme Young},
  title = {Management of digital eye strain},
  journal = {Clinical and Experimental Optometry}
}

@article{rfp,
  year = {2021},
  month = mar,
  author = {Acquaviva, Michael and Guo, Ginny and Winfield, Emily and Xue, QiLin},
  title = {Request for Proposal: Mitigating Stormwater Runoff into Lake Simcoe at Innisfil Subdivision},
}

@article{tools,
    year = {2009},
    author = {Vullings, Ramon and Heleven, Marc},
    title = {27 Creativity Tools for Divergent and Convergent Thinking},
}
