@BOOK{Visser,
  title     = "Lorentzian wormholes",
  author    = "Visser, Matt",
  publisher = "American Institute of Physics",
  month     =  aug,
  year      =  1996,
  address   = "New York, NY",
  language  = "en"
}

@article{Thorne,
  doi = {10.1119/1.15620},
  url = {https://doi.org/10.1119/1.15620},
  year = {1988},
  month = may,
  publisher = {American Association of Physics Teachers ({AAPT})},
  volume = {56},
  number = {5},
  pages = {395--412},
  author = {Michael S. Morris and Kip S. Thorne},
  title = {Wormholes in spacetime and their use for interstellar travel: A tool for teaching general relativity},
  journal = {American Journal of Physics}
}

@BOOK{Lobo,
  title     = "Wormholes, warp drives and energy conditions",
  editor    = "Lobo, Francisco",
  publisher = "Springer International Publishing",
  series    = "Fundamental Theories of Physics",
  edition   =  1,
  month     =  may,
  year      =  2017,
  address   = "Basel, Switzerland",
  language  = "en"
}

@article{Flamm,
  doi = {10.1007/s10714-015-1908-2},
  url = {https://doi.org/10.1007/s10714-015-1908-2},
  year = {2015},
  month = may,
  publisher = {Springer Science and Business Media {LLC}},
  volume = {47},
  number = {6},
  author = {Ludwig Flamm},
  title = {Republication of: Contributions to Einstein's theory of gravitation},
  journal = {General Relativity and Gravitation}
}

@article{Gibbons,
  doi = {10.1007/s10714-015-1907-3},
  url = {https://doi.org/10.1007/s10714-015-1907-3},
  year = {2015},
  month = may,
  publisher = {Springer Science and Business Media {LLC}},
  volume = {47},
  number = {6},
  author = {Gary W. Gibbons},
  title = {Editorial note to: Ludwig Flamm,  Contributions to Einstein's theory of gravitation},
  journal = {General Relativity and Gravitation}
}

@BOOK{Wald,
  title     = "General Relativity",
  author    = "Wald, Robert M",
  publisher = "University of Chicago Press",
  month     =  jun,
  year      =  1984,
  address   = "Chicago, IL"
}
