@article{Brassard2000,
  doi = {10.1103/physrevlett.85.1330},
  url = {https://doi.org/10.1103/physrevlett.85.1330},
  year = {2000},
  month = aug,
  publisher = {American Physical Society ({APS})},
  volume = {85},
  number = {6},
  pages = {1330--1333},
  author = {Gilles Brassard and Norbert L\"{u}tkenhaus and Tal Mor and Barry C. Sanders},
  title = {Limitations on Practical Quantum Cryptography},
  journal = {Physical Review Letters}
}

@article{Wehner2018,
  doi = {10.1126/science.aam9288},
  url = {https://doi.org/10.1126/science.aam9288},
  year = {2018},
  month = oct,
  publisher = {American Association for the Advancement of Science ({AAAS})},
  volume = {362},
  number = {6412},
  author = {Stephanie Wehner and David Elkouss and Ronald Hanson},
  title = {Quantum internet: A vision for the road ahead},
  journal = {Science}
}

@article{Liao2018,
  doi = {10.1103/physrevlett.120.030501},
  url = {https://doi.org/10.1103/physrevlett.120.030501},
  year = {2018},
  month = jan,
  publisher = {American Physical Society ({APS})},
  volume = {120},
  number = {3},
  author = {Sheng-Kai Liao and Wen-Qi Cai and Johannes Handsteiner and Bo Liu and Juan Yin and Liang Zhang and Dominik Rauch and Matthias Fink and Ji-Gang Ren and Wei-Yue Liu and Yang Li and Qi Shen and Yuan Cao and Feng-Zhi Li and Jian-Feng Wang and Yong-Mei Huang and Lei Deng and Tao Xi and Lu Ma and Tai Hu and Li Li and Nai-Le Liu and Franz Koidl and Peiyuan Wang and Yu-Ao Chen and Xiang-Bin Wang and Michael Steindorfer and Georg Kirchner and Chao-Yang Lu and Rong Shu and Rupert Ursin and Thomas Scheidl and Cheng-Zhi Peng and Jian-Yu Wang and Anton Zeilinger and Jian-Wei Pan},
  title = {Satellite-Relayed Intercontinental Quantum Network},
  journal = {Physical Review Letters}
}